<record><leader>00000cas a22000007a 4500</leader><controlfield tag="001">10161231</controlfield><controlfield tag="008">831125d19831985ncucr ne      0   a0eng d</controlfield><datafield ind1=" " ind2=" " tag="010"><subfield code="a">sn 83003608 </subfield></datafield><datafield ind1=" " ind2=" " tag="040"><subfield code="a">NSD</subfield><subfield code="b">eng</subfield><subfield code="c">NSD</subfield><subfield code="d">NYS</subfield><subfield code="d">NVJ</subfield><subfield code="d">OCLCQ</subfield></datafield><datafield ind1=" " ind2=" " tag="012"><subfield code="j">0</subfield><subfield code="m">d</subfield></datafield><datafield ind1="1" ind2=" " tag="022"><subfield code="a">0746-6137</subfield><subfield code="l">0746-6137</subfield><subfield code="2">1</subfield></datafield><datafield ind1=" " ind2=" " tag="032"><subfield code="a">480960</subfield><subfield code="b">USPS</subfield></datafield><datafield ind1=" " ind2=" " tag="042"><subfield code="a">nsdp</subfield></datafield><datafield ind1=" " ind2="4" tag="222"><subfield code="a">The Sandhill citizen and news outlook</subfield></datafield><datafield ind1="0" ind2="4" tag="245"><subfield code="a">The Sandhill citizen and news outlook.</subfield></datafield><datafield ind1=" " ind2=" " tag="260"><subfield code="a">Aberdeen, N.C. :</subfield><subfield code="b">[Park Newspapers of Moore County Inc.]</subfield></datafield><datafield ind1=" " ind2=" " tag="300"><subfield code="a">v.</subfield></datafield><datafield ind1=" " ind2=" " tag="310"><subfield code="a">Semiweekly</subfield></datafield><datafield ind1="0" ind2=" " tag="362"><subfield code="a">Vol. 81, no. 18 (Nov. 2, 1983)-v. 84, no. 19 (Oct. 30, 1985).</subfield></datafield><datafield ind1=" " ind2=" " tag="580"><subfield code="a">Merged with: Moore County news, and: Robbins record, to form: Citizen news record (Robbins edition), and: Citizen news-record (County edition).</subfield></datafield><datafield ind1=" " ind2=" " tag="752"><subfield code="a">United States</subfield><subfield code="b">North Carolina</subfield><subfield code="c">Moore</subfield><subfield code="d">Aberdeen.</subfield></datafield><datafield ind1="0" ind2="0" tag="780"><subfield code="t">Sandhill citizen (Aberdeen, N.C.)</subfield><subfield code="w">(DLC)sn 95072340</subfield></datafield><datafield ind1="1" ind2="7" tag="785"><subfield code="t">Moore County news</subfield><subfield code="w">(DLC)sn 92074101</subfield></datafield><datafield ind1="1" ind2="7" tag="785"><subfield code="t">Robbins record</subfield><subfield code="w">(DLC)sn 95072341</subfield></datafield><datafield ind1="1" ind2="7" tag="785"><subfield code="t">Citizen news-record (Robbins edition)</subfield><subfield code="w">(DLC)sn 85005360</subfield></datafield><datafield ind1="1" ind2="7" tag="785"><subfield code="t">Citizen news-record (County edition)</subfield></datafield><datafield ind1=" " ind2=" " tag="936"><subfield code="a">Nov. 2, 1983</subfield></datafield></record>